<?xml version="1.0" encoding="UTF-8"?><collection xmlns="http://www.loc.gov/MARC21/slim"><record><leader>00416nam--2200145-i-4500</leader><controlfield tag="001">000022993</controlfield><controlfield tag="002">20161230</controlfield><controlfield tag="005">20161230201034</controlfield><controlfield tag="008">060222s1000------------r-----000-0-eng-d</controlfield><datafield ind1=" " ind2=" " tag="080"><subfield code="a">547</subfield></datafield><datafield ind1=" " ind2=" " tag="100"><subfield code="a">Hartshorn, M.P. And Kirk, D.N</subfield></datafield><datafield ind1=" " ind2=" " tag="245"><subfield code="a">Steroid reaction mechanisms</subfield></datafield><datafield ind1=" " ind2=" " tag="260"><subfield code="a">Amsterdam, Elsevier Publishing Co.,1968. Xi + 476p</subfield></datafield><datafield ind1=" " ind2=" " tag="490"><subfield code="a">Reaction Mechanisms In Organic Chemistry Monograph</subfield></datafield><datafield ind1=" " ind2=" " tag="852"><subfield code="a">13870+</subfield></datafield></record></collection>